@online{cnetwebsite,
    author    = "Chris McDonald",
    title     = "The cnet network simulator (v3.3.1)",
    url       = "http://www.csse.uwa.edu.au/cnet/",
    keywords  = "latex,McDonald"
}

@book{ccbook,
    title={Computer Networks},
    edition={5},
    author={Andrew S. Tanenbaum, David J. Wetherall},
    isbn={9780132126953},
    pages={226 - 239},
    year={2011},
    publisher={Pearson},
    keywords = {cc200}
}